

@article{CITRON,
	author = "J. Citron, S and E. Dunin, S and F. Meissinger, H",
	title = "A terminal guidance technique for lunar landing",
	journal = "AIAA Journal",
	volume = 2,
	pages = "503-509",
	year = 1964
}


@article{CHERRY,
	author =	 "Cherry, G. W.",
	title =	 "A General, Explicit, Optimizing Guidance Law for Rocket-Propelled Spaceflight",
	journal =	 "AIAA Paper",
	pages =	 "64-638",
	year =	 1964
}

@article{KLUMPP,
	author =	 "Klumpp, A. R.",
	title =	 "Apollo Lunar Descent Guidance",
	journal =	 "Automatica",
	volume =	 10,
	chapter = "No. 2",
	pages =	 "133-146",
	year =	 1974
}